<?xml version="1.0" encoding="UTF-8"?><collection xmlns="http://www.loc.gov/MARC21/slim"><record><leader>00369nam--2200133-i-4500</leader><controlfield tag="001">000004360</controlfield><controlfield tag="002">20161230</controlfield><controlfield tag="005">20161230201025</controlfield><controlfield tag="008">060222s1000------------r-----000-0-eng-d</controlfield><datafield ind1=" " ind2=" " tag="100"><subfield code="a">Bohr, Aage And Mottelson, Ben</subfield></datafield><datafield ind1=" " ind2=" " tag="245"><subfield code="a">Moments of inertia of rotating nuclei</subfield></datafield><datafield ind1=" " ind2=" " tag="260"><subfield code="a">Kobenhavn, Ejnar Munksgaard, 1955. 24 P</subfield></datafield><datafield ind1=" " ind2=" " tag="490"><subfield code="a">Mat.Fys.Medd.Dan.Vid.Selsk</subfield></datafield><datafield ind1=" " ind2=" " tag="852"><subfield code="a">5571</subfield></datafield></record></collection>